<record><leader>00000cas a22000007a 4500</leader><controlfield tag="001">43694185</controlfield><controlfield tag="008">000323d19371937vausr ne      0    0eng d</controlfield><datafield ind1=" " ind2=" " tag="010"><subfield code="a">sn 00064670 </subfield></datafield><datafield ind1=" " ind2=" " tag="040"><subfield code="a">NVK</subfield><subfield code="b">eng</subfield><subfield code="c">NVK</subfield><subfield code="d">OCLCO</subfield></datafield><datafield ind1="1" ind2=" " tag="029"><subfield code="a">AU@</subfield><subfield code="b">000021486583</subfield></datafield><datafield ind1=" " ind2=" " tag="042"><subfield code="a">msc</subfield></datafield><datafield ind1=" " ind2=" " tag="043"><subfield code="a">n-us-va</subfield></datafield><datafield ind1="0" ind2="4" tag="245"><subfield code="a">The Pine-land echo.</subfield></datafield><datafield ind1="3" ind2=" " tag="246"><subfield code="a">Pine land echo</subfield></datafield><datafield ind1=" " ind2=" " tag="260"><subfield code="a">Church Road, Va. :</subfield><subfield code="b">C.C.C. Co. 5480,</subfield><subfield code="c">1937-</subfield></datafield><datafield ind1=" " ind2=" " tag="300"><subfield code="a">v.</subfield></datafield><datafield ind1=" " ind2=" " tag="310"><subfield code="a">Semimonthly</subfield></datafield><datafield ind1="0" ind2=" " tag="362"><subfield code="a">Vol. 1, no. 1 (Apr. 21, 1937)-</subfield></datafield><datafield ind1="1" ind2=" " tag="362"><subfield code="a">Ceased in 1937.</subfield></datafield><datafield ind1=" " ind2=" " tag="500"><subfield code="a">Camp Wingfield Scott, SCS-8.</subfield></datafield><datafield ind1=" " ind2=" " tag="500"><subfield code="a">Company 5480 moved from Church Road, Va. to Skamania, Wash, in 1937.</subfield></datafield><datafield ind1=" " ind2=" " tag="530"><subfield code="a">Available on microfiche from the Center for Research Libraries.</subfield></datafield><datafield ind1=" " ind2=" " tag="580"><subfield code="a">C.C.C. Co. 5480 later published: Beacon flashes.</subfield></datafield><datafield ind1="2" ind2="0" tag="610"><subfield code="a">Civilian Conservation Corps (U.S.)</subfield><subfield code="v">Newspapers.</subfield></datafield><datafield ind1=" " ind2="0" tag="651"><subfield code="a">Church Road (Va.)</subfield><subfield code="v">Newspapers.</subfield></datafield><datafield ind1="2" ind2=" " tag="710"><subfield code="a">Civilian Conservation Corps (U.S.).</subfield><subfield code="b">Company 5480 (Church Road, Va.)</subfield></datafield><datafield ind1=" " ind2=" " tag="752"><subfield code="a">United States</subfield><subfield code="b">Virginia</subfield><subfield code="c">Dinwiddie</subfield><subfield code="d">Church Road.</subfield></datafield><datafield ind1="1" ind2=" " tag="787"><subfield code="t">Beacon flashes</subfield><subfield code="w">(DLC)sn 00064675</subfield></datafield><datafield ind1=" " ind2=" " tag="936"><subfield code="a">Vol. 1, no. 3 (May 22, 1937) LIC</subfield></datafield></record>